@article{robideau2011dna,
  title={DNA barcoding of oomycetes with cytochrome c oxidase subunit I and internal transcribed spacer},
  author={Robideau, Gregg P and De Cock, Arthur WAM and Coffey, Michael D and Voglmayr, Hermann and Brouwer, Henk and Bala, Kanak and Chitty, David W and D{\'e}saulniers, Nicole and Eggertson, Quinn A and Gachon, Claire MM and others},
  journal={Molecular Ecology Resources},
  volume={11},
  number={6},
  pages={1002--1011},
  year={2011},
  url = {https://doi.org/10.1111/j.1755-0998.2011.03041.x},
}

@article{callahan2016dada2,
  title={DADA2: high-resolution sample inference from Illumina amplicon data},
  author={Callahan, Benjamin J and McMurdie, Paul J and Rosen, Michael J and Han, Andrew W and Johnson, Amy Jo A and Holmes, Susan P},
  journal={Nature Methods},
  volume={13},
  number={7},
  pages={581},
  year={2016},
  url = {https://doi.org/10.1038/nmeth.3869},
}

@article{martin2011cutadapt,
  title={Cutadapt removes adapter sequences from high-throughput sequencing reads},
  author={Martin, Marcel},
  journal={EMBnet. journal},
  volume={17},
  number={1},
  pages={10--12},
  year={2011},
  url = {https://doi.org/10.14806/ej.17.1.200}
}

@article{quast2012silva,
  title={The SILVA ribosomal RNA gene database project: improved data processing and web-based tools},
  author={Quast, Christian and Pruesse, Elmar and Yilmaz, Pelin and Gerken, Jan and Schweer, Timmy and Yarza, Pablo and Peplies, J{\"o}rg and Gl{\"o}ckner, Frank Oliver},
  journal={Nucleic Acids Research},
  volume={41},
  number={D1},
  pages={D590--D596},
  year={2012},
  url = {https://doi.org/10.1093/nar/gks1219}
}

@article{mcmurdie2013phyloseq,
  title={phyloseq: an R package for reproducible interactive analysis and graphics of microbiome census data},
  author={McMurdie, Paul J and Holmes, Susan},
  journal={PLoS One},
  volume={8},
  number={4},
  pages={e61217},
  year={2013},
  url = {https://doi.org/10.1371/journal.pone.0061217}
}

@misc{wong2011points,
  title={Points of view: Color blindness},
  author={Wong, Bang},
  journal={Nature Methods},
  volume={8},
  number={6},
  pages={441},
  year={2011},
  url = {https://doi.org/10.1038/nmeth.1618}
}

@article{lahti2017microbiome,
  author = {Lahti, Leo and Shetty Sudarshan and others},
  title = {Tools for microbiome analysis in R. Version 1.9.97},
  year = {2017},
  url = {https://github.com/microbiome/microbiome},
}

@article{abarenkov2020unite,
  title={UNITE general FASTA release for Fungi},
  author={Abarenkov, Kessy and Zirk, Allan and Piirmann, Timo and Pöhönen, Raivo and Ivanov, Filipp and Nilsson, R. Henrik and Kõljalg, Urmas},
  publisher={UNITE Community},
  year={2020},
  url = {https://dx.doi.org/10.15156/BIO/786368}
}

@article{nilsson2019unite,
  title={The UNITE database for molecular identification of fungi: handling dark taxa and parallel taxonomic classifications},
  author={Nilsson, Rolf Henrik and Larsson, Karl-Henrik and Taylor, Andy F S and Bengtsson-Palme, Johan and Jeppesen, Thomas S and Schigel, Dmitry and Kennedy, Peter and Picard, Kathryn and Gl{\"o}ckner, Frank Oliver and Tedersoo, Leho and others},
  journal={Nucleic Acids Research},
  volume={47},
  number={D1},
  pages={D259--D264},
  year={2019},
  url = {https://doi.org/10.1093/nar/gky1022}
}

@article{caporaso2011global,
  title={Global patterns of 16S rRNA diversity at a depth of millions of sequences per sample},
  author={Caporaso, J Gregory and Lauber, Christian L and Walters, William A and Berg-Lyons, Donna and Lozupone, Catherine A and Turnbaugh, Peter J and Fierer, Noah and Knight, Rob},
  journal={Proceedings of the National Academy of Sciences},
  volume={108},
  pages={4516--4522},
  year={2011},
  url = {https://doi.org/10.1073/pnas.1000080107}
}

@article{sato2005new,
  title={A new primer for discrimination of arbuscular mycorrhizal fungi with polymerase chain reaction-denature gradient gel electrophoresis},
  author={Sato, Kouichi and Suyama, Yoshihisa and Saito, Masanori and Sugawara, Kazuo},
  journal={Grassland Science},
  volume={51},
  number={2},
  pages={179--181},
  year={2005},
  url={https://doi.org/10.1111/j.1744-697X.2005.00023.x}
}

@article{foster2017metacoder,
  title={Metacoder: an R package for visualization and manipulation of community taxonomic diversity data},
  author={Foster, Zachary SL and Sharpton, Thomas J and Gr{\"u}nwald, Niklaus J},
  journal={PLoS Computational Biology},
  volume={13},
  number={2},
  pages={e1005404},
  year={2017},
  url={https://doi.org/10.1371/journal.pcbi.1005404}
}

@article{kasper2018ampvis2,
  author = {Kasper S. Andersen and Rasmus H. Kirkegaard and Soren M. Karst and Mads Albertsen},
  journal = {bioRxiv},
  title = {ampvis2: an R package to analyse and visualise 16S rRNA amplicon data},
  year = {2018},
  url = {https://doi.org/10.1101/299537},
}

@article{alberdi2019hilldiv,
  title={hilldiv: an R package for the integral analysis of diversity based on Hill numbers},
  author={Alberdi, Antton and Gilbert, M Thomas P},
  journal={bioRxiv},
  pages={545665},
  year={2019},
  url={https://doi.org/10.1101/545665}
}

@article{alberdi2019guide,
  title={A guide to the application of Hill numbers to DNA-based diversity analyses},
  author={Alberdi, Antton and Gilbert, M Thomas P},
  journal={Molecular ecology resources},
  volume={19},
  number={4},
  pages={804--817},
  year={2019},
  url={https://doi.org/10.1111/1755‐0998.13014}
}

@article{smirnova2019perfect,
  title={PERFect: PERmutation Filtering test for microbiome data},
  author={Smirnova, Ekaterina and Huzurbazar, Snehalata and Jafari, Farhad},
  journal={Biostatistics},
  volume={20},
  number={4},
  pages={615--631},
  year={2019},
  url={https://doi.org/10.1093/biostatistics/kxy020}
}

@article{roesch2020pime,
  title={PIME: a package for discovery of novel differences among microbial communities},
  author={Roesch, Luiz Fernando W and Dobbler, Priscila T and Pylro, Victor S and Kolaczkowski, Bryan and Drew, Jennifer C and Triplett, Eric W},
  journal={Molecular ecology resources},
  volume={20},
  number={2},
  pages={415--428},
  year={2020},
  url={https://doi.org/10.1111/1755-0998.13116}
}

@article{oksanen2013community,
  title={vegan: Community Ecology Package},
  author={Jari Oksanen and Blanchet, {F. Guillaume} and Roeland Kindt and Pierre Legendre and Minchin, {Peter R.} and O'Hara, {R. B.} and Simpson, {Gavin L.} and Peter S{\'o}lymos and Stevens, {M. Henry H.} and Helene Wagner},
  journal={R package version},
  volume={2},
  number={0},
  year={2012},
  url={https://cran.r-project.org/web/packages/vegan/index.html}
}

@article{roberts2016package,
  title={Package ‘labdsv’},
  author={Roberts, David W and Roberts, Maintainer David W},
  journal={Ordination and Multivariate},
  volume={775},
  year={2016},
  url={https://cran.r-project.org/web/packages/labdsv/index.html}
}

@article{cao2020package,
  title={microbiomeMarker: microbiome biomarker analysis},
  author={Cao, Yang},
  journal={R package version},
  volume={0.0.1.9000},
  year={2020},
  url={https://doi.org/10.5281/zenodo.3749415}
}

@article{segata2011metagenomic,
  title={Metagenomic biomarker discovery and explanation},
  author={Segata, Nicola and Izard, Jacques and Waldron, Levi and Gevers, Dirk and Miropolsky, Larisa and Garrett, Wendy S and Huttenhower, Curtis},
  journal={Genome biology},
  volume={12},
  number={6},
  pages={1--18},
  year={2011},
  url={https://doi.org/10.1186/gb-2011-12-6-r60}
}

@article{eren2015anvi,
  title={Anvi’o: an advanced analysis and visualization platform for ‘omics data},
  author={Eren, A Murat and Esen, {\"O}zcan C and Quince, Christopher and Vineis, Joseph H and Morrison, Hilary G and Sogin, Mitchell L and Delmont, Tom O},
  journal={PeerJ},
  volume={3},
  pages={e1319},
  year={2015},
  url={https://doi.org/10.7717/peerj.1319}
}
